% Here are some examples of different sources to reference.
@article{IceCube2022,
doi = {10.1126/science.abg3395},
author = {R. Abbasi  and M. Ackermann  and J. Adams  and J. A. Aguilar  and M. Ahlers  and M. Ahrens  and J. M. Alameddine  and C. Alispach  and A. A. Alves  and N. M. Amin  and K. Andeen  and T. Anderson  and G. Anton  and C. Argüelles  and Y. Ashida  and S. Axani  and X. Bai  and A. Balagopal V.  and A. Barbano  and S. W. Barwick  and B. Bastian  and V. Basu  and S. Baur  and R. Bay  and J. J. Beatty  and K.-H. Becker  and J. Becker Tjus  and C. Bellenghi  and S. BenZvi  and D. Berley  and E. Bernardini  and D. Z. Besson  and G. Binder  and D. Bindig  and E. Blaufuss  and S. Blot  and M. Boddenberg  and F. Bontempo  and J. Borowka  and S. Böser  and O. Botner  and J. Böttcher  and E. Bourbeau  and F. Bradascio  and J. Braun  and B. Brinson  and S. Bron  and J. Brostean-Kaiser  and S. Browne  and A. Burgman  and R. T. Burley  and R. S. Busse  and M. A. Campana  and E. G. Carnie-Bronca  and C. Chen  and Z. Chen  and D. Chirkin  and K. Choi  and B. A. Clark  and K. Clark  and L. Classen  and A. Coleman  and G. H. Collin  and J. M. Conrad  and P. Coppin  and P. Correa  and D. F. Cowen  and R. Cross  and C. Dappen  and P. Dave  and C. De Clercq  and J. J. DeLaunay  and D. Delgado López  and H. Dembinski  and K. Deoskar  and A. Desai  and P. Desiati  and K. D. de Vries  and G. de Wasseige  and M. de With  and T. DeYoung  and A. Diaz  and J. C. Díaz-Vélez  and M. Dittmer  and H. Dujmovic  and M. Dunkman  and M. A. DuVernois  and E. Dvorak  and T. Ehrhardt  and P. Eller  and R. Engel  and H. Erpenbeck  and J. Evans  and P. A. Evenson  and K. L. Fan  and A. R. Fazely  and A. Fedynitch  and N. Feigl  and S. Fiedlschuster  and A. T. Fienberg  and K. Filimonov  and C. Finley  and L. Fischer  and D. Fox  and A. Franckowiak  and E. Friedman  and A. Fritz  and P. Fürst  and T. K. Gaisser  and J. Gallagher  and E. Ganster  and A. Garcia  and S. Garrappa  and L. Gerhardt  and A. Ghadimi  and C. Glaser  and T. Glauch  and T. Glüsenkamp  and A. Goldschmidt  and J. G. Gonzalez  and S. Goswami  and D. Grant  and T. Grégoire  and S. Griswold  and C. Günther  and P. Gutjahr  and C. Haack  and A. Hallgren  and R. Halliday  and L. Halve  and F. Halzen  and M. Ha Minh  and K. Hanson  and J. Hardin  and A. A. Harnisch  and A. Haungs  and D. Hebecker  and K. Helbing  and F. Henningsen  and E. C. Hettinger  and S. Hickford  and J. Hignight  and C. Hill  and G. C. Hill  and K. D. Hoffman  and R. Hoffmann  and B. Hokanson-Fasig  and K. Hoshina  and F. Huang  and M. Huber  and T. Huber  and K. Hultqvist  and M. Hünnefeld  and R. Hussain  and K. Hymon  and S. In  and N. Iovine  and A. Ishihara  and M. Jansson  and G. S. Japaridze  and M. Jeong  and M. Jin  and B. J. P. Jones  and D. Kang  and W. Kang  and X. Kang  and A. Kappes  and D. Kappesser  and L. Kardum  and T. Karg  and M. Karl  and A. Karle  and U. Katz  and M. Kauer  and M. Kellermann  and J. L. Kelley  and A. Kheirandish  and K. Kin  and T. Kintscher  and J. Kiryluk  and S. R. Klein  and R. Koirala  and H. Kolanoski  and T. Kontrimas  and L. Köpke  and C. Kopper  and S. Kopper  and D. J. Koskinen  and P. Koundal  and M. Kovacevich  and M. Kowalski  and T. Kozynets  and E. Kun  and N. Kurahashi  and N. Lad  and C. Lagunas Gualda  and J. L. Lanfranchi  and M. J. Larson  and F. Lauber  and J. P. Lazar  and J. W. Lee  and K. Leonard  and A. Leszczyńska  and Y. Li  and M. Lincetto  and Q. R. Liu  and M. Liubarska  and E. Lohfink  and C. J. Lozano Mariscal  and L. Lu  and F. Lucarelli  and A. Ludwig  and W. Luszczak  and Y. Lyu  and W. Y. Ma  and J. Madsen  and K. B. M. Mahn  and Y. Makino  and S. Mancina  and I. C. Mariş  and I. Martinez-Soler  and R. Maruyama  and K. Mase  and T. McElroy  and F. McNally  and J. V. Mead  and K. Meagher  and S. Mechbal  and A. Medina  and M. Meier  and S. Meighen-Berger  and J. Micallef  and D. Mockler  and T. Montaruli  and R. W. Moore  and R. Morse  and M. Moulai  and R. Naab  and R. Nagai  and R. Nahnhauer  and U. Naumann  and J. Necker  and L. V. Nguyen  and H. Niederhausen  and M. U. Nisa  and S. C. Nowicki  and D. Nygren  and A. Obertacke Pollmann  and M. Oehler  and B. Oeyen  and A. Olivas  and E. O’Sullivan  and H. Pandya  and D. V. Pankova  and N. Park  and G. K. Parker  and E. N. Paudel  and L. Paul  and C. Pérez de los Heros  and L. Peters  and J. Peterson  and S. Philippen  and S. Pieper  and M. Pittermann  and A. Pizzuto  and M. Plum  and Y. Popovych  and A. Porcelli  and M. Prado Rodriguez  and P. B. Price  and B. Pries  and G. T. Przybylski  and C. Raab  and J. Rack-Helleis  and A. Raissi  and M. Rameez  and K. Rawlins  and I. C. Rea  and A. Rehman  and P. Reichherzer  and R. Reimann  and G. Renzi  and E. Resconi  and S. Reusch  and W. Rhode  and M. Richman  and B. Riedel  and E. J. Roberts  and S. Robertson  and G. Roellinghoff  and M. Rongen  and C. Rott  and T. Ruhe  and D. Ryckbosch  and D. Rysewyk Cantu  and I. Safa  and J. Saffer  and S. E. Sanchez Herrera  and A. Sandrock  and J. Sandroos  and M. Santander  and S. Sarkar  and S. Sarkar  and K. Satalecka  and M. Schaufel  and H. Schieler  and S. Schindler  and T. Schmidt  and A. Schneider  and J. Schneider  and F. G. Schröder  and L. Schumacher  and G. Schwefer  and S. Sclafani  and D. Seckel  and S. Seunarine  and A. Sharma  and S. Shefali  and M. Silva  and B. Skrzypek  and B. Smithers  and R. Snihur  and J. Soedingrekso  and D. Soldin  and C. Spannfellner  and G. M. Spiczak  and C. Spiering  and J. Stachurska  and M. Stamatikos  and T. Stanev  and R. Stein  and J. Stettner  and A. Steuer  and T. Stezelberger  and R. Stokstad  and T. Stürwald  and T. Stuttard  and G. W. Sullivan  and I. Taboada  and S. Ter-Antonyan  and S. Tilav  and F. Tischbein  and K. Tollefson  and C. Tönnis  and S. Toscano  and D. Tosi  and A. Trettin  and M. Tselengidou  and C. F. Tung  and A. Turcati  and R. Turcotte  and C. F. Turley  and J. P. Twagirayezu  and B. Ty  and M. A. Unland Elorrieta  and N. Valtonen-Mattila  and J. Vandenbroucke  and N. van Eijndhoven  and D. Vannerom  and J. van Santen  and S. Verpoest  and C. Walck  and T. B. Watson  and C. Weaver  and P. Weigel  and A. Weindl  and M. J. Weiss  and J. Weldert  and C. Wendt  and J. Werthebach  and M. Weyrauch  and N. Whitehorn  and C. H. Wiebusch  and D. R. Williams  and M. Wolf  and K. Woschnagg  and G. Wrede  and J. Wulff  and X. W. Xu  and J. P. Yanez  and S. Yoshida  and S. Yu  and T. Yuan  and Z. Zhang  and P. Zhelnin },
title = {Evidence for neutrino emission from the nearby active galaxy NGC 1068},
journal = {Science},
volume = {378},
number = {6619},
pages = {538-543},
year = {2022},
doi = {10.1126/science.abg3395},
URL = {https://www.science.org/doi/abs/10.1126/science.abg3395},
eprint = {https://www.science.org/doi/pdf/10.1126/science.abg3395},
abstract = {A supermassive black hole, obscured by cosmic dust, powers the nearby active galaxy NGC 1068. Neutrinos, which rarely interact with matter, could provide information on the galaxy’s active core. We searched for neutrino emission from astrophysical objects using data recorded with the IceCube neutrino detector between 2011 and 2020. The positions of 110 known gamma-ray sources were individually searched for neutrino detections above atmospheric and cosmic backgrounds. We found that NGC 1068 has an excess of 79−20+22 neutrinos at tera–electron volt energies, with a global significance of 4.2σ, which we interpret as associated with the active galaxy. The flux of high-energy neutrinos that we measured from NGC 1068 is more than an order of magnitude higher than the upper limit on emissions of tera–electron volt gamma rays from this source. Observations have shown a diffuse background of high-energy neutrinos, which is known to be of extragalactic origin. However, it has been difficult to identify individual sources that contribute to this background. The IceCube Collaboration reanalyzed the arrival directions of astrophysical neutrinos and then searched for point sources (see the Perspective by Murase). They identified evidence for neutrino emission from NGC 1068 (also known as Messier 77), a nearby active galaxy. Its properties are quite different from TXS 0506+056, which was found to be a neutrino source in 2018, leading the investigators to suggest that there might be more than one population contributing to the neutrino background. —KTS The arrival directions of astrophysical neutrinos indicate point source neutrino emission from NGC 1068.}}

@article{QuasarSEDCollinson_2016,
   title={Reaching the peak of the quasar spectral energy distribution – II. Exploring the accretion disc, dusty torus and host galaxy},
   volume={465},
   ISSN={1365-2966},
   url={http://dx.doi.org/10.1093/mnras/stw2666},
   DOI={10.1093/mnras/stw2666},
   number={1},
   journal={Monthly Notices of the Royal Astronomical Society},
   publisher={Oxford University Press (OUP)},
   author={Collinson, James S. and Ward, Martin J. and Landt, Hermine and Done, Chris and Elvis, Martin and McDowell, Jonathan C.},
   year={2016},
   month=oct, pages={358–382} }



@misc{GammaRayModel2023,
      title={On the Neutrino and Gamma-Ray Emission from NGC 1068}, 
      author={Carlos Blanco and Dan Hooper and Tim Linden and Elena Pinetti},
      year={2023},
      eprint={2307.03259},
      archivePrefix={arXiv},
      primaryClass={astro-ph.HE},
      url={https://arxiv.org/abs/2307.03259}, 
}


% From here on, all references are from the template.

@misc{padovani2024highenergyneutrinosvicinitysupermassive,
      title={High-energy neutrinos from the vicinity of the supermassive black hole in NGC 1068}, 
      author={P. Padovani and E. Resconi and M. Ajello and C. Bellenghi and S. Bianchi and P. Blasi and K. -Y. Huang and S. Gabici and V. Gámez Rosas and H. Niederhausen and E. Peretti and B. Eichmann and D. Guetta and A. Lamastra and T. Shimizu},
      year={2024},
      eprint={2405.20146},
      archivePrefix={arXiv},
      primaryClass={astro-ph.HE},
      url={https://arxiv.org/abs/2405.20146}, 
}

@article{berg2014permeability,
  title={Permeability description by characteristic length, tortuosity, constriction and porosity},
  author={Berg, Carl Fredrik},
  journal={Transport in porous media},
  volume={103},
  number={3},
  pages={381--400},
  year={2014},
  publisher={Springer}
}

@book{RadiativeProcesses,
   title={Radiative Processes in High Energy Astrophysics},
   ISBN={9783319006123},
   ISSN={1616-6361},
   chapter = {8},
   url={http://dx.doi.org/10.1007/978-3-319-00612-3},
   DOI={10.1007/978-3-319-00612-3},
   journal={Lecture Notes in Physics},
   publisher={Springer International Publishing},
   author={Ghisellini, Gabriele},
   year={2013} }



@article{wolves_of_mount_mckinley,
author = "Murie, A. and Davis, W. B.",
year = "1945",
month = "02",
day = "23",
title = "\textit{The Wolves of Mount McKinley. Fauna of the National Parks of the United States}",
volume = "26",
issue = "1",
pages = "100-101",
journal = "Journal of Mammalogy",
doi = "https://doi.org/10.2307/1375039"
}

@book{machine_learning,
author = "Mitchell, T. M.",
title = "Machine Learning",
year = "1997",
month = "03",
day = "01",
publisher = "McGraw Hill",
pages = "2",
}

@inproceedings{clustering_impossibility,
author = "Kleinberg, J.",
title = "\textit{An Impossibility Theorem for Clustering}",
year = "2002",
publisher = "MIT Press",
address = "Cambridge, MA, USA",
booktitle = "Proceedings of the 15th International Conference on Neural Information Processing Systems",
pages = "463–470",
series = "NIPS'02",
}

@article{sheep,
author = "Doughty, A. K. and Horton, B. J. and Nguyen, T.D. and Huyen, C. and Ballagh, R. and Corkrey, R. and Hinch, G. N.",
year = "2018",
month = "03",
day = "07",
title = "\textit{The influence of lameness and individuality on movement patterns in sheep}",
journal = "Elsevier",
url = "https://www.sciencedirect.com/science/article/pii/S0376635717302449",
}